<?xml version="1.0" encoding="UTF-8"?><collection xmlns="http://www.loc.gov/MARC21/slim"><record><leader>00353nam--2200121-i-4500</leader><controlfield tag="001">000016409</controlfield><controlfield tag="002">20161230</controlfield><controlfield tag="005">20161230201031</controlfield><controlfield tag="008">060222s1000------------r-----000-0-eng-d</controlfield><datafield ind1=" " ind2=" " tag="100"><subfield code="a">Sauteron,Xavier</subfield></datafield><datafield ind1=" " ind2=" " tag="245"><subfield code="a">Appareil de mesure de photographies de chambres a traces,en coordonnees bipolaires. these</subfield></datafield><datafield ind1=" " ind2=" " tag="260"><subfield code="a">Paris,Universite,1962.  71p</subfield></datafield><datafield ind1=" " ind2=" " tag="852"><subfield code="a">78207</subfield></datafield></record></collection>